%% This BibTeX bibliography file was created using BibDesk.
%% http://bibdesk.sourceforge.net/
%% Created for Matthias Geissb√ºhler at 2011-03-21 13:46:46 +0100
%% Saved with string encoding Unicode (UTF-8) 


@article{maddalena2021deterministic,
	title={Deterministic error bounds for kernel-based learning techniques under bounded noise},
	author={Maddalena, Emilio Tanowe and Scharnhorst, Paul and Jones, Colin N},
	journal={Automatica},
	volume={134},
	pages={109896},
	year={2021},
	publisher={Elsevier}
}

@inproceedings{maddalena2021kpc,
	title={KPC: Learning-based model predictive control with deterministic guarantees},
	author={Maddalena, Emilio T and Scharnhorst, Paul and Jiang, Yuning and Jones, Colin N},
	booktitle={Learning for Dynamics and Control},
	pages={1015--1026},
	year={2021},
	organization={PMLR}
}

@article{scharnhorst2023robust,
	title={Robust Uncertainty Bounds in Reproducing Kernel Hilbert Spaces: A Convex Optimization Approach},
	author={Scharnhorst, Paul and Maddalena, Emilio T and Jiang, Yuning and Jones, Colin N},
	journal={IEEE Transactions on Information Theory},
	year={2023}
}



@techreport{atc13,
	Address = {California},
	Author = {{Applied Technology Council}},
	Date-Modified = {2011-03-21 13:46:44 +0100},
	Institution = {Seismic Safety Commission, Applied Technology Council (\textsc{atc})},
	Keywords = {ATC},
	Owner = {oropeza},
	Timestamp = {2008.01.11},
	Title = {{E}arthquake damage evaluation data for {C}alifornia},
	Year = {1985}
}

@article{temlyakov2008approximation,
	title={Approximation in learning theory},
	author={Temlyakov, VN},
	journal={Constructive Approximation},
	volume={27},
	number={1},
	pages={33--74},
	year={2008},
	publisher={Springer}
}

% unusual kernels
@article{lodhi2002text,
	title={Text classification using string kernels},
	author={Lodhi, Huma and Saunders, Craig and Shawe-Taylor, John and Cristianini, Nello and Watkins, Chris},
	journal={Journal of machine learning research},
	volume={2},
	number={Feb},
	pages={419--444},
	year={2002}
}

@book{scholkopf2002learning,
	title={Learning with kernels: support vector machines, regularization, optimization, and beyond},
	author={Sch{\"o}lkopf, Bernhard and Smola, Alexander J},
	year={2002},
	publisher={MIT press}
}

@book{wendland2004scattered,
	title={Scattered data approximation},
	author={Wendland, Holger},
	year={2004},
	publisher={Cambridge university press}
}

@book{steinwart2008svm_book,
	title={Support vector machines},
	author={Steinwart, Ingo and Christmann, Andreas},
	year={2008},
	publisher={Springer Science \& Business Media}
}


@article{steinwart2006explicit_rbf_rkhs,
	title={{An explicit description of the reproducing kernel Hilbert spaces of Gaussian RBF kernels}},
	author={Steinwart, Ingo and Hush, Don and Scovel, Clint},
	journal={IEEE Transactions on Information Theory},
	volume={52},
	number={10},
	pages={4635--4643},
	year={2006},
	publisher={IEEE}
}

@article{steinwart2020_no_rkhs_cont_func,
	title={Reproducing kernel hilbert spaces cannot contain all continuous functions on a compact metric space},
	author={Steinwart, Ingo},
	journal={arXiv preprint arXiv:2002.03171},
	year={2020}
}

@article{micchelli2006universal,
	title={Universal Kernels.},
	author={Micchelli, Charles A and Xu, Yuesheng and Zhang, Haizhang},
	journal={Journal of Machine Learning Research},
	volume={7},
	number={12},
	year={2006}
}

@inproceedings{scholkopf2001generalized,
	title={A generalized representer theorem},
	author={Sch{\"o}lkopf, Bernhard and Herbrich, Ralf and Smola, Alex J},
	booktitle={International conference on computational learning theory},
	pages={416--426},
	year={2001},
	organization={Springer}
}

@article{kimeldorf1971some,
	title={Some results on Tchebycheffian spline functions},
	author={Kimeldorf, George and Wahba, Grace},
	journal={Journal of mathematical analysis and applications},
	volume={33},
	number={1},
	pages={82--95},
	year={1971},
	publisher={Elsevier}
}


@inproceedings{kidger2020universal,
	title={Universal approximation with deep narrow networks},
	author={Kidger, Patrick and Lyons, Terry},
	booktitle={Conference on learning theory},
	pages={2306--2327},
	year={2020},
	organization={PMLR}
}



@article{aronszajn1950theory,
	title={Theory of reproducing kernels},
	author={Aronszajn, Nachman},
	journal={Transactions of the American mathematical society},
	volume={68},
	number={3},
	pages={337--404},
	year={1950}
}

@book{berlinet2011reproducing,
	title={Reproducing kernel Hilbert spaces in probability and statistics},
	author={Berlinet, Alain and Thomas-Agnan, Christine},
	year={2011},
	publisher={Springer Science \& Business Media}
}

@article{kanagawa2018gaussian,
	title={{Gaussian processes and kernel methods: A review on connections and equivalences}},
	author={Kanagawa, Motonobu and Hennig, Philipp and Sejdinovic, Dino and Sriperumbudur, Bharath K},
	journal={arXiv preprint arXiv:1807.02582},
	year={2018}
}


@article{sejdinovic2012rkhs,
	title={What is an {RKHS?}},
	author={Sejdinovic, Dino and Gretton, Arthur},
	journal={Lecture Notes},
	year={2012}
}


@book{searcoid2002elements,
	title={Elements of abstract analysis},
	author={Searc{\'o}id, M{\'\i}che{\'a}l {\'O} and Searcoid, MO},
	year={2002},
	publisher={Springer}
}

@book{pugh2002real,
	title={Real mathematical analysis},
	author={Pugh, Charles Chapman},
	year={2002},
	publisher={Springer}
}


@inproceedings{belkin2018understand,
	title={To understand deep learning we need to understand kernel learning},
	author={Belkin, Mikhail and Ma, Siyuan and Mandal, Soumik},
	booktitle={International Conference on Machine Learning},
	pages={541--549},
	year={2018},
	organization={PMLR}
}

@article{belkin2019reconciling,
	title={Reconciling modern machine-learning practice and the classical bias--variance trade-off},
	author={Belkin, Mikhail and Hsu, Daniel and Ma, Siyuan and Mandal, Soumik},
	journal={Proceedings of the National Academy of Sciences},
	volume={116},
	number={32},
	pages={15849--15854},
	year={2019},
	publisher={National Acad Sciences}
}


@article{beaglehole2022kernel,
	title={Kernel Ridgeless Regression is Inconsistent for Low Dimensions},
	author={Beaglehole, Daniel and Belkin, Mikhail and Pandit, Parthe},
	journal={arXiv preprint arXiv:2205.13525},
	year={2022}
}

@book{williams2006gaussian,
	title={Gaussian processes for machine learning},
	author={Williams, Christopher KI and Rasmussen, Carl Edward},
	volume={2},
	number={3},
	year={2006},
	publisher={MIT press Cambridge, MA}
}

@article{fasshauer2011positive,
	title={Positive definite kernels: past, present and future},
	author={Fasshauer, Gregory E},
	journal={Dolomites Research Notes on Approximation},
	volume={4},
	pages={21--63},
	year={2011}
}


@article{shahriari2015taking,
	title={Taking the human out of the loop: A review of Bayesian optimization},
	author={Shahriari, Bobak and Swersky, Kevin and Wang, Ziyu and Adams, Ryan P and De Freitas, Nando},
	journal={Proceedings of the IEEE},
	volume={104},
	number={1},
	pages={148--175},
	year={2015},
	publisher={IEEE}
}

@article{snoek2012practical,
	title={Practical bayesian optimization of machine learning algorithms},
	author={Snoek, Jasper and Larochelle, Hugo and Adams, Ryan P},
	journal={Advances in neural information processing systems},
	volume={25},
	year={2012}
}

@article{wilson2018maximizing,
	title={Maximizing acquisition functions for Bayesian optimization},
	author={Wilson, James and Hutter, Frank and Deisenroth, Marc},
	journal={Advances in neural information processing systems},
	volume={31},
	year={2018}
}

@article{karvonen2022error,
	title={Error Bounds and the Asymptotic Setting in Kernel-Based Approximation},
	author={Karvonen, Toni},
	journal={Dolomites Research Notes on Approximation},
	volume={15},
	number={3},
	year={2022}
}

@book{iske2018approximation,
	title={Approximation theory and algorithms for data analysis},
	author={Iske, Armin},
	year={2018},
	publisher={Springer}
}

@inproceedings{zhang2013divide,
	title={Divide and conquer kernel ridge regression},
	author={Zhang, Yuchen and Duchi, John and Wainwright, Martin},
	booktitle={Conference on Learning Theory (COLT)},
	pages={592--617},
	year={2013},
	organization={PMLR}
}

@article{burt2020convergence,
	title={Convergence of Sparse Variational Inference in Gaussian Processes Regression},
	author={Burt, David R and Rasmussen, Carl Edward and van der Wilk, Mark},
	journal={Journal of Machine Learning Research},
	volume={21},
	pages={1--63},
	year={2020}
}

@article{bauer2016understanding,
	title={Understanding probabilistic sparse Gaussian process approximations},
	author={Bauer, Matthias and van der Wilk, Mark and Rasmussen, Carl Edward},
	journal={Advances in neural information processing systems},
	volume={29},
	year={2016}
}


@inproceedings{lederer2021gaussian,
	title={Gaussian process-based real-time learning for safety critical applications},
	author={Lederer, Armin and Conejo, Alejandro J Ord{\'o}{\~n}ez and Maier, Korbinian A and Xiao, Wenxin and Umlauft, Jonas and Hirche, Sandra},
	booktitle={International Conference on Machine Learning},
	pages={6055--6064},
	year={2021},
	organization={PMLR}
}

@inproceedings{koller2018learning,
	title={Learning-based model predictive control for safe exploration},
	author={Koller, Torsten and Berkenkamp, Felix and Turchetta, Matteo and Krause, Andreas},
	booktitle={IEEE Conference on Decision and Control (CDC)},
	pages={6059--6066},
	year={2018},
	organization={IEEE}
}

@book{boyd2011distributed,
	title={Distributed optimization and statistical learning via the alternating direction method of multipliers},
	author={Boyd, Stephen and Parikh, Neal and Chu, Eric},
	year={2011},
	publisher={Now Publishers Inc}
}

@book{bertsekas2009convex,
	title={Convex optimization theory},
	author={Bertsekas, Dimitri},
	volume={1},
	year={2009},
	publisher={Athena Scientific}
}

@book{boyd2004convex,
	title={Convex optimization},
	author={Boyd, Stephen P and Vandenberghe, Lieven},
	year={2004},
	publisher={Cambridge university press}
}

@article{chachuat2009adaptation,
	title={Adaptation strategies for real-time optimization},
	author={Chachuat, Beno{\^\i}t and Srinivasan, Balasubramaniam and Bonvin, Dominique},
	journal={Computers \& Chemical Engineering},
	volume={33},
	number={10},
	pages={1557--1567},
	year={2009},
	publisher={Elsevier}
}

@book{williams2006gaussian,
	title={{Gaussian Processes For Machine Learning}},
	author={Williams, Christopher KI and Rasmussen, Carl Edward},
	volume={2},
	number={3},
	year={2006},
	publisher={MIT press Cambridge, MA}
}

@book{gramacy2020surrogates,
	title={Surrogates: Gaussian process modeling, design, and optimization for the applied sciences},
	author={Gramacy, Robert B},
	year={2020},
	publisher={Chapman and Hall/CRC}
}

@article{bauer2016understanding,
	title={Understanding probabilistic sparse Gaussian process approximations},
	author={Bauer, Matthias and van der Wilk, Mark and Rasmussen, Carl Edward},
	journal={Advances in neural information processing systems},
	volume={29},
	year={2016}
}

@inproceedings{snelson2007local,
	title={Local and global sparse Gaussian process approximations},
	author={Snelson, Edward and Ghahramani, Zoubin},
	booktitle={Artificial Intelligence and Statistics},
	pages={524--531},
	year={2007},
	organization={PMLR}
}

@article{quinonero2005unifying,
	title={A unifying view of sparse approximate Gaussian process regression},
	author={Quinonero-Candela, Joaquin and Rasmussen, Carl Edward},
	journal={The Journal of Machine Learning Research},
	volume={6},
	pages={1939--1959},
	year={2005},
	publisher={JMLR. org}
}

@article{csato2002sparse,
	title={Sparse on-line Gaussian processes},
	author={Csat{\'o}, Lehel and Opper, Manfred},
	journal={Neural computation},
	volume={14},
	number={3},
	pages={641--668},
	year={2002},
	publisher={MIT Press One Rogers Street, Cambridge, MA 02142-1209, USA journals-info~‚Ä¶}
}

@article{yang2012nystrom,
	title={Nystr{\"o}m method vs random fourier features: A theoretical and empirical comparison},
	author={Yang, Tianbao and Li, Yu-Feng and Mahdavi, Mehrdad and Jin, Rong and Zhou, Zhi-Hua},
	journal={Advances in neural information processing systems},
	volume={25},
	year={2012}
}


@article{bui2017unifying,
	title={A unifying framework for Gaussian process pseudo-point approximations using power expectation propagation},
	author={Bui, Thang D and Yan, Josiah and Turner, Richard E},
	journal={The Journal of Machine Learning Research},
	volume={18},
	number={1},
	pages={3649--3720},
	year={2017},
	publisher={JMLR. org}
}

@article{maddox2021conditioning,
	title={Conditioning Sparse Variational Gaussian Processes for Online Decision-making},
	author={Maddox, Wesley J and Stanton, Samuel and Wilson, Andrew G},
	journal={Advances in Neural Information Processing Systems},
	volume={34},
	pages={6365--6379},
	year={2021}
}

@article{bui2017streaming,
	title={Streaming sparse Gaussian process approximations},
	author={Bui, Thang D and Nguyen, Cuong and Turner, Richard E},
	journal={Advances in Neural Information Processing Systems},
	volume={30},
	year={2017}
}

@inproceedings{lederer2021gaussian,
	title={Gaussian process-based real-time learning for safety critical applications},
	author={Lederer, Armin and Conejo, Alejandro J Ord{\'o}{\~n}ez and Maier, Korbinian A and Xiao, Wenxin and Umlauft, Jonas and Hirche, Sandra},
	booktitle={International Conference on Machine Learning},
	pages={6055--6064},
	year={2021},
	organization={PMLR}
}

@article{ferrari1998finite,
	title={Finite-dimensional approximation of Gaussian processes},
	author={Ferrari-Trecate, Giancarlo and Williams, Christopher and Opper, Manfred},
	journal={Advances in neural information processing systems},
	volume={11},
	year={1998}
}

@inproceedings{kocijan2004gaussian,
	title={Gaussian process model based predictive control},
	author={Kocijan, Ju{\v{s}} and Murray-Smith, Roderick and Rasmussen, Carl Edward and Girard, Agathe},
	booktitle={Proceedings of the 2004 American control conference},
	volume={3},
	pages={2214--2219},
	year={2004},
	organization={IEEE}
}

@inproceedings{hansen2005nonparametric,
	title={Nonparametric Identification of linearizations and uncertainty using Gaussian process models-application to robust wheel slip control},
	author={Hansen, Jostein and Murray-Smith, Roderick and Johansen, Tor Arne},
	booktitle={Proceedings of the 44th IEEE Conference on Decision and Control},
	pages={5083--5088},
	year={2005},
	organization={IEEE}
}

@inproceedings{kocijan2003predictive,
	title={Predictive control with Gaussian process models},
	author={Kocijan, Ju{\v{s}} and Murray-Smith, Roderick and Rasmussen, Carl Edward and Likar, Bojan},
	booktitle={The IEEE Region 8 EUROCON 2003. Computer as a Tool.},
	volume={1},
	pages={352--356},
	year={2003},
	organization={IEEE}
}

@article{liu2018gaussian,
	title={Gaussian processes for learning and control: A tutorial with examples},
	author={Liu, Miao and Chowdhary, Girish and Da Silva, Bruno Castra and Liu, Shih-Yuan and How, Jonathan P},
	journal={IEEE Control Systems Magazine},
	volume={38},
	number={5},
	pages={53--86},
	year={2018},
	publisher={IEEE}
}

@inproceedings{diwale2014optimization,
	title={Optimization of an airborne wind energy system using constrained gaussian processes},
	author={Diwale, Sanket Sanjay and Lymperopoulos, Ioannis and Jones, Colin N},
	booktitle={2014 IEEE Conference on Control Applications (CCA)},
	pages={1394--1399},
	year={2014},
	organization={IEEE}
}

@article{khosravi2022safety,
	title={Safety-aware cascade controller tuning using constrained Bayesian optimization},
	author={Khosravi, Mohammad and Koenig, Christopher and Maier, Markus and Smith, Roy S and Lygeros, John and Rupenyan, Alisa},
	journal={IEEE Transactions on Industrial Electronics},
	year={2022},
	publisher={IEEE}
}

@article{hewing2019cautious,
	title={Cautious model predictive control using gaussian process regression},
	author={Hewing, Lukas and Kabzan, Juraj and Zeilinger, Melanie N},
	journal={IEEE Transactions on Control Systems Technology},
	volume={28},
	number={6},
	pages={2736--2743},
	year={2019},
	publisher={IEEE}
}

@article{lederer2022cooperative,
	title={Cooperative Control of Uncertain Multi-Agent Systems via Distributed Gaussian Processes},
	author={Lederer, Armin and Yang, Zewen and Jiao, Junjie and Hirche, Sandra},
	journal={IEEE Transactions on Automatic Control},
	year={2022},
	publisher={IEEE}
}

@article{goldberg1997regression,
	title={Regression with input-dependent noise: A Gaussian process treatment},
	author={Goldberg, Paul and Williams, Christopher and Bishop, Christopher},
	journal={Advances in neural information processing systems},
	volume={10},
	year={1997}
}

@article{binois2018practical,
	title={Practical heteroscedastic gaussian process modeling for large simulation experiments},
	author={Binois, Mickael and Gramacy, Robert B and Ludkovski, Mike},
	journal={Journal of Computational and Graphical Statistics},
	volume={27},
	number={4},
	pages={808--821},
	year={2018},
	publisher={Taylor \& Francis}
}

@article{matthews2017gpflow,
	title={GPflow: A Gaussian Process Library using TensorFlow.},
	author={Matthews, Alexander G de G and Van Der Wilk, Mark and Nickson, Tom and Fujii, Keisuke and Boukouvalas, Alexis and Le{\'o}n-Villagr{\'a}, Pablo and Ghahramani, Zoubin and Hensman, James},
	journal={J. Mach. Learn. Res.},
	volume={18},
	number={40},
	pages={1--6},
	year={2017}
}

@inproceedings{turner2010state,
	title={State-space inference and learning with Gaussian processes},
	author={Turner, Ryan and Deisenroth, Marc and Rasmussen, Carl},
	booktitle={Proceedings of the Thirteenth International Conference on Artificial Intelligence and Statistics},
	pages={868--875},
	year={2010},
	organization={JMLR Workshop and Conference Proceedings}
}

@article{eleftheriadis2017identification,
	title={Identification of Gaussian process state space models},
	author={Eleftheriadis, Stefanos and Nicholson, Tom and Deisenroth, Marc and Hensman, James},
	journal={Advances in neural information processing systems},
	volume={30},
	year={2017}
}

@article{berntorp2021online,
	title={Online Bayesian inference and learning of Gaussian-process state--space models},
	author={Berntorp, Karl},
	journal={Automatica},
	volume={129},
	pages={109613},
	year={2021},
	publisher={Elsevier}
}


@inproceedings{beckers2016stability,
	title={Stability of Gaussian process state space models},
	author={Beckers, Thomas and Hirche, Sandra},
	booktitle={2016 European Control Conference (ECC)},
	pages={2275--2281},
	year={2016},
	organization={IEEE}
}



